%% This BibTeX bibliography file was created using BibDesk.
%% http://bibdesk.sourceforge.net/


%% Created for Alexis Valery at 2015-08-04 21:24:41 -0430 


%% Saved with string encoding Unicode (UTF-8) 


@string{aiche = {AIChE J.}}

@string{c = {Carbon}}

@string{ces = {Chem. Eng. Sci.}}

@string{cf = {Comb. \& Flame}}

@string{cjc = {Can. J. Chem. Eng.}}

@string{cst = {Combust. Sci. Tech.}}

@string{ef = {Energy \& Fuels}}

@string{est = {Environ. Sci. Technol.}}

@string{f = {Fuel}}

@string{i = {Ind. Eng. Chem. Res.}}

@string{jap = {J. Appl.Polym. Sci.}}

@string{jfm = {J. Fluid. Mech.}}


@article{cite-key,
	Date-Added = {2015-08-04 20:53:50 -0430},
	Date-Modified = {2015-08-04 20:53:50 -0430}}

@article{Thor01,
	Title = {Soil carbon storage response to temperature: an hypothesis},
	Author = {Thornley, J. H. M. and Cannell, M. G. R},
	Journal = {Annals of Botany},
	Volume = {87},
	Pages = {591-598},
	Year = {2001}}

@article{Zhan08,
	Author = {Zhang, C. F. and Meng, F. R. and Bhatti, J. S. and Trofymow, J. A. and Arp, P. A.},
	Date-Added = {2013-03-10 19:45:36 -0430},
	Date-Modified = {2013-03-11 22:13:43 -0430},
	Journal = {Ecol. Model.},
	Pages = {342-360},
	Title = {Modeling forest leaf-litter decomposition and N mineralization in litterbags, placed across Canada: a 5-model comparison},
	Volume = {219},
	Year = {2008}}

@article{Wutz08,
	Author = {Wutzler, T. and Reichstein, M.},
	Date-Added = {2013-03-10 19:44:52 -0430},
	Date-Modified = {2013-03-10 19:45:28 -0430},
	Journal = {Biogeosciences},
	Pages = {749-759},
	Title = {Colimitation of decomposition by substrate and decomposers -- a comparison of model formulations},
	Volume = {5},
	Year = {2008}}

@article{Wick07,
	Author = {Wickland, K. P. and Neff, J. C.},
	Date-Added = {2013-03-10 19:44:05 -0430},
	Date-Modified = {2013-03-10 19:44:41 -0430},
	Journal = {Biogeochemistry},
	Pages = {29-47},
	Title = {Decomposition of soil organic matter from boreal black spruce forest: Environmental and chemical controls},
	Volume = {87},
	Year = {2007}}

@article{Will08,
	Author = {Williams, J. W. and Izaurralde, R. C. and Steglich, E. M.},
	Date-Added = {2013-03-10 19:43:14 -0430},
	Date-Modified = {2013-03-11 22:17:54 -0430},
	Journal = {Texas A M System BREC Report 17},
	Pages = {131},
	Title = {Agricultural Policy Environmental extender Model: Theoretical documentation Version 0604},
	Year = {2008}}

@article{Wang03,
	Author = {Wang, W. J. and Dalal, R. C. and Moody, P. W. and Smith, C. J.},
	Date-Added = {2013-03-10 19:42:13 -0430},
	Date-Modified = {2013-03-11 22:13:08 -0430},
	Journal = {Soil Biol Biochem.},
	Pages = {273-284},
	Title = {Relationships of soil respiration to microbial biomass, substrate availability and clay content},
	Volume = {35},
	Year = {2003}}

@article{Vish97,
	Author = {Vishnevetsky S. and Steinberger Y.},
	Date-Added = {2013-03-10 19:41:26 -0430},
	Date-Modified = {2013-03-10 19:42:06 -0430},
	Journal = {J. of Arid Environ.},
	Pages = {83-90},
	Title = {Bacterial and fungal dynamics and their contribution to microbial biomass in desert soil},
	Volume = {37},
	Year = {1997}}

@article{Tuom08,
	Author = {Tuomi, M. and Vanhala, P. and Karhu, K. and Fritze, H. and Liski, J.},
	Date-Added = {2013-03-10 19:40:30 -0430},
	Date-Modified = {2013-03-10 22:59:20 -0430},
	Journal = {Ecol. Model.},
	Pages = {182-190},
	Title = {Heterotrophic soil respiration- comparison of diferent models describing its temperature dependence},
	Volume = {211},
	Year = {2008}}

@article{Thur02,
	Author = {Thuries, L. and Pansu, M. and Larr{\'e}-Larrouy, M. C. and Feller, C.},
	Date-Added = {2013-03-10 19:39:26 -0430},
	Date-Modified = {2013-03-10 19:40:21 -0430},
	Journal = {Soil Biol Biochem.},
	Pages = {239-250},
	Title = {Biochemical composition of organic materials in relation with their mineralization in sandy soil},
	Volume = {34},
	Year = {2002}}

@article{Stri10,
	Author = {Strickland, M. S. and Rousk, J.},
	Date-Added = {2013-03-10 19:38:42 -0430},
	Date-Modified = {2013-03-11 22:12:27 -0430},
	Journal = {Soil Biol Biochem.},
	Pages = {1385-1395},
	Title = {Considering fungal:bacterial dominance in soils-methods, controls, and ecosystem implications},
	Volume = {42},
	Year = {2010}}

@article{Smit97,
	Author = {Smith, P. and Smith, J. U. and Powlson, D. S. and McGill, W. B. and Arah, J. R. M. and Chetov, O. G. and Coleman, K. and Franko, U. and Frolking, S. and Jenkinson, D. S. and Jensen, l. S. and Kelly, R. H. and Klein-Gunnewiek, H. and Komarov, A. S. and Li, C.; molina, J. A. E. and Muller, T. and Parton, W. J. and Thornley, J.H. M. and Whitmore, A. P.},
	Date-Added = {2013-03-10 19:26:47 -0430},
	Date-Modified = {2013-03-10 19:29:30 -0430},
	Journal = {Geoderma},
	Pages = {153-225},
	Title = {A comparison of the performance of nine soil organic matter models using datasets from seven long-term experiments},
	Volume = {81},
	Year = {1997}}

@article{SixJ06,
	Author = {Six, J. and Frey, S. D. and Thiet, R. K. and Batten, K. M.},
	Date-Added = {2013-03-10 19:25:43 -0430},
	Date-Modified = {2013-03-11 22:12:07 -0430},
	Journal = {Soil Sci. Soc. Am. J.},
	Pages = {1249-1255},
	Title = {Bacterial and fungal contributions to carbon sequestration in agroecosystems},
	Volume = {68},
	Year = {2006}}

@article{Shaf01,
	Author = {Shaffer, MJ. and Ma, L. and Hansen, S.},
	Date-Added = {2013-03-10 19:24:58 -0430},
	Date-Modified = {2013-03-11 11:45:03 -0430},
	Journal = {Lewis Publishers},
	Pages = {672},
	Title = {Modeling carbon and nitrogen dynamics for soil management.},
	Year = {2001}}

@article{Schl00,
	Author = {Schlesinger, C. and Andrews, J.},
	Date-Added = {2013-03-10 19:23:05 -0430},
	Date-Modified = {2013-03-10 19:24:45 -0430},
	Journal = {Biogeochemistry},
	Pages = {7-20},
	Title = {Soil respiration and the global carbon cycle},
	Volume = {48},
	Year = {2000}}

@article{Schi96,
	Author = {Schinner, F. and Ohlinger, R. and Kandeler, E. and Margesin, R.},
	Date-Added = {2013-03-10 19:20:41 -0430},
	Date-Modified = {2013-03-11 11:44:04 -0430},
	Journal = {Springer. Berlin},
	Pages = {426},
	Title = {Methods in soil biology},
	Year = {1996}}

@article{Schi03,
	Author = {Schimel, J.P. and Weintraub, M.N.},
	Date-Added = {2013-03-10 19:19:10 -0430},
	Date-Modified = {2013-03-10 19:20:31 -0430},
	Journal = {Soil Biol Biochem.},
	Pages = {549-563},
	Title = {The implications of exoenzyme activity on microbial carbon and nitrogen limitation in soil: a theoretical model},
	Volume = {35},
	Year = {2003}}

@article{Ruja09,
	Author = {Rujano, M. A.},
	Date-Added = {2013-03-10 19:18:22 -0430},
	Date-Modified = {2013-03-10 19:19:00 -0430},
	Journal = {Tesis de Grado para optar al t{\'\i}tulo de Magister Scientiarum en Modelado y Simulaci{\'o}n de Sistemas. Universidad de los Andes. Merida, Venezuela.},
	Pages = {134},
	Title = {Validaci{\'o}n del modelo de materia org{\'a}nica del suelo MOMOS en ecosistemas venezolanos en un gradiente altitudinal de 65 a 3968 m.},
	Year = {2009}}

@article{Rous09,
	Author = {Rousk, J. and Brookes, P. C. and B{\aa}{\aa}th, E.},
	Date-Added = {2013-03-10 19:17:31 -0430},
	Date-Modified = {2013-03-10 19:18:10 -0430},
	Journal = {Appl Environ Microbiol.},
	Number = {6},
	Pages = {1589-1596},
	Title = {Contrasting soil pH effects on fungal and bacterial growth suggest functional redundancy in carbon mineralization},
	Volume = {75},
	Year = {2009}}

@article{Rodr97,
	Author = {Rodrigo, A. and Recous, S. and Neel, C. and Bruno, M.},
	Date-Added = {2013-03-10 19:16:29 -0430},
	Date-Modified = {2013-03-10 19:17:12 -0430},
	Journal = {Ecol. Model.},
	Pages = {325-339},
	Title = {Modellimg temperature and moisture effects on C-N transformations in soil : comparison of nine models},
	Volume = {102},
	Year = {1997}}

@article{Rinn09,
	Author = {Rinnan, R. and B{\aa}{\aa}th E.},
	Date-Added = {2013-03-10 19:15:06 -0430},
	Date-Modified = {2013-03-10 19:16:21 -0430},
	Journal = {Appl Environ Microbiol.},
	Pages = {3611-3620},
	Title = {Differential utilization of carbon substrates by bacteria and fungi in tundra soil},
	Volume = {75},
	Year = {2009}}

@article{Reis01,
	Author = {Reiser, B.},
	Date-Added = {2013-03-10 19:13:08 -0430},
	Date-Modified = {2013-03-10 22:59:41 -0430},
	Journal = {Communications in Statistics. Simulation and Computation},
	Pages = {37-45},
	Title = {Confidence Intervals for the Mahalanobis Distance},
	Volume = {30},
	Year = {2001}}

@article{Reic05,
	Author = {Reichstein, M. and Katterer, T. and Andren, O. and Ciais, P. and Schulze, E. D. and Cramer, W. and Papale, D. and Valentini, R.},
	Date-Added = {2013-03-10 19:11:40 -0430},
	Date-Modified = {2013-03-11 22:11:12 -0430},
	Journal = {Biogeosciences},
	Number = {4},
	Pages = {317-321},
	Title = {Temperature sensitivity of decomposition in relation to soil organic matter pools: critique and outlook},
	Volume = {2},
	Year = {2005}}

@article{Reic08,
	Author = {Reichstein, M. and Beer, C.},
	Date-Added = {2013-03-10 19:10:33 -0430},
	Date-Modified = {2013-03-10 19:11:23 -0430},
	Journal = {J. Plant Nutr. Soil Sci.},
	Pages = {344-354},
	Title = {Soil respiration across scales: the importance of a model--data integration framework for data interpr{\'e}tation},
	Volume = {171},
	Year = {2008}}

@article{QiY02,
	Author = {Qi, Y. and Xu, M. and Wu, J.},
	Date-Added = {2013-03-10 19:08:04 -0430},
	Date-Modified = {2013-03-10 19:10:26 -0430},
	Journal = {Ecol. Model.},
	Pages = {131-142},
	Title = {Temperature sensitivity of soil respiration and its effects on ecosystem carbon budget: nonlinearity begets surprises},
	Volume = {153},
	Year = {2002}}

@article{Pump03,
	Author = {Pumpanen, J. and Ilvesniemi, H. and Hari, P.},
	Date-Added = {2013-03-10 19:07:03 -0430},
	Date-Modified = {2013-03-10 23:00:32 -0430},
	Journal = {Soil Sci. Soc. Am. J.},
	Pages = {402-413},
	Title = {A Process-Based Model for Predicting Soil Carbon Dioxide Efflux and Concentration},
	Volume = {67},
	Year = {2003}}

@article{Pate08,
	Author = {Paterson, E. and Osler, G. H. R. and Dawson, L. A. and Gebbing, T. and Sim, A. and Ord, B.},
	Date-Added = {2013-03-10 19:04:56 -0430},
	Date-Modified = {2013-03-11 22:10:24 -0430},
	Journal = {Soil Biol Biochem},
	Pages = {1103-1113},
	Title = {Labile and recalcitrant plant fractions are utilised by distinct microbial communities in soil: independent of the presence of roots and mycorrhizal hyphae},
	Volume = {40},
	Year = {2008}}

@article{Pans10,
	Author = {Pansu, M. and Sarmiento, L. and Rujano, M. A. and Ablan, M. and Acevedo, D. and Bottner P.},
	Date-Added = {2013-03-10 19:03:54 -0430},
	Date-Modified = {2013-03-10 23:00:53 -0430},
	Journal = {Global Biogeochem. Cycles.},
	Pages = {GB1008},
	Title = {Modeling organic transformations by microorganisms of soils in six contrasting ecosystems: validation of the MOMOS model},
	Volume = {24},
	Year = {2010}}

@article{Pans06,
	Author = {Pansu, M. and Sarmiento, L. and Metselaar, K. and Herv{\'e}, D. and Bottner, P.},
	Date-Added = {2013-03-10 19:02:23 -0430},
	Date-Modified = {2013-03-10 19:03:11 -0430},
	Journal = {Europ. J. Soil Sci.},
	Pages = {775-785},
	Title = {Modelling the transformations and sequestration of soil organic matter in two contrasting ecosystems of the Andes.},
	Volume = {58},
	Year = {2006}}

@article{Pans04,
	Author = {Pansu, M. and Bottner, P. and Sarmiento, L. and Metselaar, K.},
	Date-Added = {2013-03-10 19:01:31 -0430},
	Date-Modified = {2013-03-10 19:03:27 -0430},
	Journal = {Global Biogeochem. Cycles.},
	Pages = {GB4022},
	Title = {Comparison of five soil organic matter decomposition models using data from a 14C and 15N labeling field experiment},
	Volume = {18},
	Year = {2004}}

@article{Neil06,
	Author = {Neill, C. and Gignoux, J.},
	Date-Added = {2013-03-10 19:00:42 -0430},
	Date-Modified = {2013-03-10 19:01:21 -0430},
	Journal = {Soil Biol Biochem},
	Pages = {803-811},
	Title = {Soil organic matter decomposition driven by microbial growth :A simple model for a complex network of interactions},
	Volume = {38},
	Year = {2006}}

@article{Nann03a,
	Author = {Nannipieri, P. and Badalucco, L.},
	Date-Added = {2013-03-10 18:59:47 -0430},
	Date-Modified = {2013-03-10 19:00:34 -0430},
	Journal = {The Haworth Press, Binghamton, NY.},
	Pages = {57-82},
	Title = {Biological processes. In: Bembi D.K. & Nieder R. Processes in the soil--plant system: modelling concepts and applications},
	Year = {2003}}

@article{Nann03,
	Author = {Nannipieri, P. and Ascher, J. and Ceccherini, M. T. and Landi, L. and Pietramellara, G. and Renella, G.},
	Date-Added = {2013-03-10 18:58:35 -0430},
	Date-Modified = {2013-03-10 18:59:32 -0430},
	Journal = {Europ. J. Soil Sci.},
	Pages = {655-670},
	Title = {Microbial diversity and soil functions},
	Volume = {54},
	Year = {2003}}

@article{Naka04,
	Author = {Nakamoto, T. and Wakahara, S.},
	Date-Added = {2013-03-10 18:57:42 -0430},
	Date-Modified = {2013-03-11 22:09:34 -0430},
	Journal = {Plant Prod. Sci.},
	Pages = {70-76},
	Title = {Development of substrate induced respiration (SIR) method combined with selective inhibition for estimating fungal and bacterial biomass in humic andosols},
	Volume = {7},
	Year = {2004}}

@article{Moli83,
	Author = {Molina, A. E. and Clapp, C. E. and Shaffer, M. J. and Chichester, F. W. and Larson, W. E.},
	Date-Added = {2013-03-10 18:56:28 -0430},
	Date-Modified = {2013-03-10 18:57:20 -0430},
	Journal = {Soil Sci. Soc. Am. J.},
	Number = {1},
	Pages = {85-91},
	Title = {NCSOIL, A Model of Nitrogen and Carbon Transformations in Soil: Description, Calibration, and Behavior},
	Volume = {47},
	Year = {1983}}

@article{Meri12,
	Author = {Merino P., J and Noriega B., M.},
	Date-Added = {2013-03-10 18:54:58 -0430},
	Date-Modified = {2013-03-10 23:08:11 -0430},
	Journal = {Universidad de Cantabria},
	Title = {Fisiolog{\'\i}a general : factores que influyen en la actividad enzim{\'a}tica},
	Urldate = {http://ocw.unican.es/ciencias-de-la-salud/fisiologia-general/materiales-de-clase-1/tema-1.-introduccion-al-estudio-de-la-fisiologia/Tema%202B-Bloque%20I-Enzimas.pdf},
	Year = {sf}}

@article{Meid08,
	Author = {Meidute, S. and Demoling, F. and B{\aa}{\aa}th, E.},
	Date-Added = {2013-03-10 18:53:58 -0430},
	Date-Modified = {2013-03-10 23:01:08 -0430},
	Journal = {Soil Biol Biochem},
	Pages = {2334-2344},
	Title = {Antagonistic and synergistic effects of fungal and bacterial growth in soil after adding different carbon and nitrogen sources},
	Volume = {40},
	Year = {2008}}

@article{McGe01,
	Author = {McGecham, M. B and Wu, L.},
	Date-Added = {2013-03-10 18:53:17 -0430},
	Date-Modified = {2013-03-11 22:08:54 -0430},
	Journal = {Lewis Publishers},
	Pages = {103-142},
	Title = {A review of carbon and nitrogen processes in European soil nitrogen dynamics models. In: Shaffer, M. J.; Ma, L. and Hansen, S. (Eds) Modeling carbon and nitrogen dynamics for soil management},
	Year = {2001}}

@article{mart08,
	Author = {Mart{\'\i}nez, E. and Fuentes, J. P. and Acevedo, E.},
	Date-Added = {2013-03-10 18:52:20 -0430},
	Date-Modified = {2013-03-10 18:53:07 -0430},
	Journal = {J. Soil Sc. Plant Nutr.},
	Number = {1},
	Pages = {68-96},
	Title = {Carbono org{\'a}nico y propiedades del Suelo},
	Volume = {8},
	Year = {2008}}

@article{Mart04,
	Author = {Martelo, M.},
	Date-Added = {2013-03-10 18:50:11 -0430},
	Date-Modified = {2013-03-10 18:52:09 -0430},
	Pages = {112},
	Title = {Consecuencias ambientales generales del cambio clim{\'a}tico en Venezuela},
	Urldate = {http://www.inameh.gob.ve/documentos/consecuencias.pdf},
	Year = {2004}}

@article{Manz09,
	Author = {Manzoni, S. and Porporato, A.},
	Date-Added = {2013-03-10 18:49:31 -0430},
	Date-Modified = {2013-03-10 18:50:04 -0430},
	Journal = {Soil Biol Biochem},
	Pages = {1355-1379},
	Title = {Soil carbon and nitrogen mineralization : theory and models across scales},
	Volume = {41},
	Year = {2009}}

@article{Manz07,
	Author = {Manzoni, S. and Porporato, A.},
	Date-Added = {2013-03-10 18:47:28 -0430},
	Date-Modified = {2013-03-10 18:49:23 -0430},
	Journal = {Soil Biol Biochem},
	Pages = {1542-1556},
	Title = {Theoretical analysis of nonlinearities and feedbacks in soil carbon and nitrogen cycles},
	Volume = {39},
	Year = {2007}}

@article{Madi03,
	Author = {Madigan, M. and Martinko, J. and Parker, J.},
	Date-Added = {2013-03-10 18:46:11 -0430},
	Date-Modified = {2013-03-11 11:41:00 -0430},
	Journal = {Pearson Educaci{\'o}n. Madrid.},
	Pages = {1011},
	Title = {Brock Biolog{\'\i}a de los Microorganismos},
	Year = {2003}}

@article{Mach11,
	Author = {Machado, D. and Sarmiento, L. and Valery, A. and Ablan, M.},
	Date-Added = {2013-03-10 18:45:13 -0430},
	Date-Modified = {2013-03-10 18:46:03 -0430},
	Journal = {IX Congreso Venezolano de Ecolog{\'\i}a. Ediciones IVIC.},
	Pages = {466},
	Title = {Simulando la descomposici{\'o}n de la materia org{\'a}nica por los microorganismos del suelo: evaluaci{\'o}n de modelos alternativos},
	Year = {2011}}

@article{MaL01,
	Author = {Ma, L. and Shaffer, M. J.},
	Date-Added = {2013-03-10 18:44:02 -0430},
	Date-Modified = {2013-03-11 22:08:04 -0430},
	Journal = {Lewis Publishers},
	Pages = {55-102},
	Title = {A review of carbon and nitrogen processes in nine U.S. soil nitrogen dynamics models. In: Shaffer, M. J.; Ma, L. and Hansen, S. (Eds) Modeling carbon and nitrogen dynamics for soil management.},
	Year = {2001}}

@article{LuoY06,
	Author = {Luo, Y. and Zhou, X.},
	Date-Added = {2013-03-10 18:42:14 -0430},
	Date-Modified = {2013-03-11 11:40:11 -0430},
	Journal = {Academic Press Elsevier, San Diego, CA, USA.},
	Pages = {328},
	Title = {Soil Respiration and the Environment},
	Year = {2006}}

@article{Loma98,
	Author = {Lomander, A. and K{\"a}tterer, t. and Olof, A.},
	Date-Added = {2013-03-10 18:41:18 -0430},
	Date-Modified = {2013-03-10 23:02:56 -0430},
	Journal = {Soil Biol Biochem},
	Pages = {2023-2030},
	Title = {Modelling the effects of temperature and moisture on CO2 evolution from top- and subsoil using a multi-compartemnt approach},
	Volume = {30},
	Year = {1998}}

@article{LiuH06,
	Author = {Liu, H. S. and Li, L. H. and Han, X. G. and Huang, J. H. and Sun, J. X. and Wang, H. Y.},
	Date-Added = {2013-03-10 18:40:10 -0430},
	Date-Modified = {2013-03-10 18:41:11 -0430},
	Journal = {Appl. Soil Ecol.},
	Pages = {284-292},
	Title = {Respiratory substrate availability plays a crucial role in the response of soil respiration to environmental factors},
	Volume = {32},
	Year = {2006}}

@article{LiuJ05,
	Author = {Liu, J. and Price, D.T. and Chen, J.M.},
	Date-Added = {2013-03-10 18:39:12 -0430},
	Date-Modified = {2013-03-10 18:40:08 -0430},
	Journal = {Ecol. Model.},
	Number = {2},
	Pages = {178-195},
	Title = {Nitrogen controls on ecosystem carbon sequestration: a model implementation and application to Saskatchewan, Canada.},
	Volume = {186},
	Year = {2005}}

@article{Lian09,
	Author = {Liang, Y. and Gollany, H. T. and Rickman, R. W. and Albrecht, S. L. and Follett, R. F. and Wilhelm, W. W. and Novak, J. M. and Douglas, C. L.},
	Date-Added = {2013-03-10 18:38:00 -0430},
	Date-Modified = {2013-03-11 22:07:06 -0430},
	Journal = {Ecol. Model.},
	Number = {4},
	Pages = {568-581},
	Title = {Simulating Soil Organic Matter with CQESTR (v.2.0): Model Description and Validation against Long-term Experiments across North America},
	Volume = {220},
	Year = {2009}}

@article{Lari07,
	Author = {Larionova, A. A. and Yevdokimov, I. V. and Bykhovets, S. S.},
	Date-Added = {2013-03-10 18:36:34 -0430},
	Date-Modified = {2013-03-10 18:37:55 -0430},
	Journal = {Biogeosciences Discuss.},
	Pages = {2007-2025},
	Title = {Temperature sensitivity of soil respiration is dependent on readily decomposable C substrate concentration},
	Volume = {4},
	Year = {2007}}

@article{Ladd04,
	Author = {Ladd, J. N. and Amato, M. and van Veen, H. A.},
	Date-Added = {2013-03-10 18:35:19 -0430},
	Date-Modified = {2013-03-10 18:36:31 -0430},
	Journal = {Soil Biol Biochem},
	Pages = {1369-1372},
	Title = {Soil microbial biomass: its assay and role in turnover of organic matter C and N.},
	Volume = {36},
	Year = {2004}}

@article{Kuzy07,
	Author = {Kuzyakov, Y., Hill, P. W. and Jones, D. L.},
	Date-Added = {2013-03-10 13:56:15 -0430},
	Date-Modified = {2013-03-11 22:06:26 -0430},
	Journal = {Plant Soil},
	Pages = {293-305},
	Title = {Root exudate components change litter decomposition in a simulated rhizosphere depending on temperature},
	Volume = {290},
	Year = {2007}}

@article{Kuzy00,
	Author = {Kuzyakov, Y. and Friedel, J. K. and Stahr, K.},
	Date-Added = {2013-03-10 13:54:40 -0430},
	Date-Modified = {2013-03-10 13:55:20 -0430},
	Journal = {Soil Biol Biochem},
	Pages = {1485-1498},
	Title = {Review of mechanisms and quantification of priming effects},
	Volume = {32},
	Year = {2000}}

@article{Kuzy10,
	Author = {Kuzyakov, Y.},
	Date-Added = {2013-03-10 13:53:48 -0430},
	Date-Modified = {2013-03-10 13:54:31 -0430},
	Journal = {Soil Biol Biochem},
	Pages = {1363-1371},
	Title = {Priming effects: Interactions between living and dead organic matter},
	Volume = {42},
	Year = {2010}}

@article{Koch97,
	Author = {Koch, A. L.},
	Date-Added = {2013-03-10 13:52:44 -0430},
	Date-Modified = {2013-03-10 13:53:38 -0430},
	Journal = {Microbiol Mol Biol Rev.},
	Pages = {305-318},
	Title = {Microbial physiology and ecology of slowgrowth},
	Volume = {61},
	Year = {1997}}

@article{Kirs02,
	Author = {Kirschbaum, M. U. F. and Paul, K. I.},
	Date-Added = {2013-03-10 13:51:43 -0430},
	Date-Modified = {2013-03-10 13:52:41 -0430},
	Journal = {Soil Biol Biochem},
	Pages = {341-354},
	Title = {Modelling C and N dynamics in forest soils with a modified version of the CENTURY model},
	Volume = {34},
	Year = {2002}}

@article{Katt98,
	Author = {K{\"a}tterer, T. and Reichstein, M. and Andr{\'e}n, O. and Lomander, A.},
	Date-Added = {2013-03-10 13:50:40 -0430},
	Date-Modified = {2013-03-10 13:51:36 -0430},
	Journal = {Soil Biol Biochem},
	Pages = {341-354},
	Title = {Temperature dependence of organic matter decomposition: a critical review using literature data analyzed with different models},
	Volume = {34},
	Year = {1998}}

@article{Kirk04,
	Author = {Kirk, J. L. and Beaudette, A. and Hart, M. and Moutoglis, P. and Kironomos, J. N. and Lee, H. and Trevors, J. T.},
	Date-Added = {2013-03-10 13:43:57 -0430},
	Date-Modified = {2013-03-11 22:04:53 -0430},
	Journal = {J Microbiol Method.},
	Pages = {169-188},
	Title = {Methods of studying soil microbial diversity.},
	Volume = {58},
	Year = {2004}}

@article{JinH10,
	Author = {Jin, H. and Sun, O. J. and Liu, J.},
	Date-Added = {2013-03-10 13:42:42 -0430},
	Date-Modified = {2013-03-10 13:43:56 -0430},
	Journal = {J. Plant Ecol.},
	Number = {3},
	Pages = {209-217},
	Title = {Changes in soil microbial biomass and community structure with addition of contrasting types of plant litter in a semiarid grassland ecosystem},
	Volume = {3},
	Year = {2010}}

@article{Izau06,
	Author = {Izaurralde, R. C. and Williams, J. R. and McGill, W. B. and Rosenberg, N. J. and Quiroga Jakas M. C.},
	Date-Added = {2013-03-10 13:37:51 -0430},
	Date-Modified = {2013-03-10 13:38:57 -0430},
	Journal = {Ecol. Model.},
	Pages = {362-384},
	Title = {Simulating soil C dynamics with EPIC: Model description and testing against long-term data},
	Volume = {192},
	Year = {2006}}

@article{Hoor10,
	Author = {Hoorman, J. J. and Islam, R.},
	Date-Added = {2013-03-10 13:26:56 -0430},
	Date-Modified = {2013-03-11 22:03:45 -0430},
	Journal = {Columbus, Ohio, USA: Ohio State University},
	Pages = {1-5},
	Title = {Understanding Soil Microbes and Nutrient Recycling},
	Year = {2010}}

@article{Holt11,
	Author = {Holtkamp, R. and van der Wal, A. and Kardol, P. and van der Putten, W. H. and de Ruiter, P. C. and Dekker, S. C.},
	Date-Added = {2013-03-10 13:22:47 -0430},
	Date-Modified = {2013-03-10 13:40:05 -0430},
	Journal = {Soil Biol Biochem},
	Pages = {251-260},
	Title = {Modelling C and N mineralisation in soil food webs during secondary succession on ex-arable land Modelling C and N mineralisation in},
	Volume = {43},
	Year = {2011}}

@article{Haef05,
	Author = {Haefner, J. W.},
	Date-Added = {2013-03-10 13:21:36 -0430},
	Date-Modified = {2013-03-11 11:38:42 -0430},
	Journal = {Springer},
	Pages = {475},
	Title = {Modeling Biological Systems: Principles and Applications},
	Year = {2005}}

@article{Gras11,
	Author = {Grass, A. and Ginovart, M. and Valls, J. and Baveye, P. C.},
	Date-Added = {2013-03-10 13:20:55 -0430},
	Date-Modified = {2013-03-10 13:21:34 -0430},
	Journal = {Ecol. Model.},
	Pages = {1998-2010},
	Title = {Individual-based modelling of carbon and nitrogen dynamics in soils: parameterizaion and sensitivity analysis of microbial components},
	Volume = {222},
	Year = {2011}}

@article{Giar00,
	Author = {Giardina, C. P. and Ryan, M. G.},
	Date-Added = {2013-03-10 13:19:29 -0430},
	Date-Modified = {2013-03-10 13:20:23 -0430},
	Journal = {Nature},
	Pages = {858-861},
	Title = {Evidence that decomposition rates of organic carbon in mineral soil do not vary with temperature},
	Volume = {404},
	Year = {2000}}

@article{Geis10,
	Author = {Geisseler, D. and Horwath, W. R. and Joergensen, R. G. and Ludwig, B.},
	Date-Added = {2013-03-10 13:18:40 -0430},
	Date-Modified = {2013-03-10 13:19:27 -0430},
	Journal = {Soil Biol Biochem},
	Pages = {2058-2067},
	Title = {Pathways of nitrogen utilization by soil microorganisms -- a review},
	Volume = {42},
	Year = {2010}}

@article{Gabr02,
	Author = {Gabrielle, B. and Mary, B. and Roche, R. and Smith, P. and Gosse, G.},
	Date-Added = {2013-03-10 13:16:15 -0430},
	Date-Modified = {2013-03-10 13:18:11 -0430},
	Journal = {Euro J Agron.},
	Pages = {107-120},
	Title = {Simulation of carbon and nitrogen dynamics in arable soils: a comparison of approaches},
	Volume = {18},
	Year = {2002}}

@article{Gara67,
	Author = {Garassini, L. A.},
	Date-Added = {2013-03-10 13:14:17 -0430},
	Date-Modified = {2013-03-11 11:37:10 -0430},
	Journal = {UCV},
	Pages = {646},
	Title = {Microbiolog{\'\i}a Agraria},
	Year = {1967}}

@article{Fuen02,
	Author = {Fuentes, F. and A. Massol-Dey{\'a}.},
	Date-Added = {2013-03-10 13:10:42 -0430},
	Date-Modified = {2013-03-11 11:36:42 -0430},
	Journal = {Universidad de Puerto Rico, Puerto Rico, EEUU.},
	Pages = {265},
	Title = {Manual de laboratorios: Ecolog{\'\i}a de microorganismos},
	Year = {2002}}

@article{Fier05,
	Author = {Fierer, N. and Craine, J. and McLauchlan, K. and Schimel, J.},
	Date-Added = {2013-03-10 13:08:14 -0430},
	Date-Modified = {2013-03-10 13:09:59 -0430},
	Journal = {Ecology},
	Pages = {320-326},
	Title = {Litter quality and the temperature sensitivity of decomposition},
	Volume = {85},
	Year = {2005}}

@article{Estr01,
	Author = {Estrada, M.},
	Date-Added = {2013-03-10 13:07:23 -0430},
	Date-Modified = {2013-03-10 13:08:13 -0430},
	Journal = {Revista de Informaci{\'o}n y An{\'a}lisis},
	Pages = {7-17},
	Title = {Cambio clim{\'a}tico global: causas y consecuencias},
	Volume = {16},
	Year = {2001}}

@article{Dill01,
	Author = {Dilly, O.},
	Date-Added = {2013-03-10 13:05:53 -0430},
	Date-Modified = {2013-03-10 13:06:50 -0430},
	Journal = {Soil Biol Biochem},
	Pages = {117-127},
	Title = {Microbial respiratory quotient during basal metabolism and after glucose amendment in soils and litter},
	Volume = {33},
	Year = {2001}}

@article{Dess10,
	Author = {Dessureault-Rompr{\'e}, J. and Zebarth, B. J. and Georgallas, A. and Burton, D. L. and Grant, C. A. and Drury, C. F.},
	Date-Added = {2013-03-10 13:04:25 -0430},
	Date-Modified = {2013-03-10 13:05:35 -0430},
	Journal = {Geoderma},
	Pages = {97-108},
	Title = {Temperature dependence of soil nitrogen mineralization rate : comparison of mathematical models, reference temperatures and origin of the soils},
	Volume = {157},
	Year = {2010}}

@article{Deck11,
	Author = {Deckmyn, G. and Campioli, M. and Muys, B. and Kraigher, H},
	Date-Added = {2013-03-10 13:03:17 -0430},
	Date-Modified = {2013-03-10 13:04:23 -0430},
	Journal = {Ecol. Model.},
	Pages = {1972-1985},
	Title = {Simulating C cycles in forest soils: including the active role of micro-organisms in the ANAFORE forest model},
	Volume = {222},
	Year = {2011}}

@article{deVr06,
	Author = {de Vries, F.T. and Hoffland, E. and Eekeren, N.; Brussaard, L. and Bloem, J.},
	Date-Added = {2013-03-10 13:00:48 -0430},
	Date-Modified = {2013-03-10 13:03:08 -0430},
	Journal = {Soil Biol Biochem},
	Pages = {2092-2103},
	Title = {Fungal/bacterial ratios in grassland with contrasting nitrogen management},
	Volume = {28},
	Year = {2006}}

@article{Davi06,
	Author = {Davidson, E. A. and Janssens, I.},
	Date-Added = {2013-03-10 12:59:41 -0430},
	Date-Modified = {2013-03-10 13:00:29 -0430},
	Journal = {Nature},
	Pages = {165-173},
	Title = {Temperature sensitivity of soil carbon decomposition and feedbacks to climate change},
	Volume = {440},
	Year = {2006}}

@article{Curi07,
	Author = {Curiel Yuste, J. and Baldocchi, D. D.and Gershenson, A. and Goldstein, A. and Misson, L. and Wong, S.},
	Date-Added = {2013-03-10 12:57:35 -0430},
	Date-Modified = {2013-03-10 12:59:31 -0430},
	Journal = {Global Change Biol.},
	Number = {9},
	Pages = {2018-2035},
	Title = {Microbial soil respiration and its dependency on carbon inputs, soil temperature and moisture},
	Volume = {13},
	Year = {2007}}

@article{Crai11,
	Author = {Craine, J.M. and Gelderman, T.M.},
	Date-Added = {2013-03-10 12:56:49 -0430},
	Date-Modified = {2013-03-10 12:57:25 -0430},
	Journal = {Soil Biol Biochem},
	Number = {2},
	Pages = {455-457},
	Title = {Soil moisture controls on temperature sensitivity of soil organic carbon decomposition for a mesic grassland},
	Volume = {43},
	Year = {2011}}

@article{Cout02,
	Author = {Co{\^u}teaux, M.M. and Sarmiento, L. and Bottner, P. and Acevedo, D. and Thiery, J.M.},
	Date-Added = {2013-03-10 12:55:17 -0430},
	Date-Modified = {2013-03-10 23:04:19 -0430},
	Journal = {Soil Biol Biochem},
	Pages = {69-78},
	Title = {Decomposition of standard plant material along an altitudinal transect (65--3968 m) in the tropical Andes},
	Volume = {34},
	Year = {2002}}

@article{Cole08,
	Author = {Coleman, K. and Jenkinson D.S.},
	Date-Added = {2013-03-10 12:53:11 -0430},
	Date-Modified = {2013-03-10 12:55:05 -0430},
	Journal = {IACR Rothamsted},
	Pages = {28},
	Title = {ROTHC-26.3 A model for the turnover of carbon in soil : Model description and users guide},
	Year = {2008}}

@article{Cook08,
	Author = {Cook, F.J. and Orchard, V.A.},
	Date-Added = {2013-03-10 12:52:25 -0430},
	Date-Modified = {2013-03-10 12:53:10 -0430},
	Journal = {Soil Biol Biochem},
	Number = {5},
	Pages = {1013-1018},
	Title = {Relationships between soil respiration and soil moisture},
	Volume = {40},
	Year = {2008}}

@article{Cona08,
	Author = {Conant, R. T. and Steinweg, J. M. and Haddix, M. L. and Paul, E. A. and Plante, A. F. and Six, J.},
	Date-Added = {2013-03-10 12:51:04 -0430},
	Date-Modified = {2013-03-10 12:52:18 -0430},
	Journal = {Ecology},
	Pages = {2384-2391},
	Title = {Experimental warming shows that decomposition temperature sensitivity increases with soil organic matter recalcitrance},
	Volume = {89},
	Year = {2008}}

@article{Chap02,
	Author = {Chapin III, F.S. and Matson, P.A. and Mooney, H.},
	Date-Added = {2013-03-10 12:49:39 -0430},
	Date-Modified = {2015-08-04 20:55:02 -0430},
	Journal = {Springer},
	Pages = {529},
	Rating = {0},
	Read = {0},
	Title = {Principles of Terrestrial Ecosystem Ecology},
	Year = {2002}}

@article{Cayu09,
	Author = {Cayuela, M. L. and Sinicco, T. and Mondini, C.},
	Date-Added = {2013-03-10 12:48:41 -0430},
	Date-Modified = {2013-03-10 12:49:37 -0430},
	Journal = {Appl. Soil Ecol.},
	Pages = {118-127},
	Title = {Mineralization dynamics and biochemical properties during initial decomposition of plant and animal residues in soil},
	Volume = {41},
	Year = {2009}}

@article{Buys10,
	Author = {Buysse, P. and Aubinet, M.},
	Date-Added = {2013-03-10 12:47:48 -0430},
	Date-Modified = {2013-03-10 12:48:37 -0430},
	Journal = {Biotechnol. Agron. Soc. Environ.},
	Number = {4},
	Pages = {707-717},
	Title = {La respiration h{\'e}t{\'e}rotrophe dans les sols agricoles: description des facteurs importants et comparaison de mod{\`e}les semi-m{\'e}canistes existants},
	Volume = {14},
	Year = {2010}}

@article{Bruu03,
	Author = {Bruun, S. and Christensen, B.T. and Hansen, E.M. and Magid, J. and Jensen, L.J.},
	Date-Added = {2013-03-10 12:45:16 -0430},
	Date-Modified = {2013-03-10 12:46:07 -0430},
	Journal = {Soil Biol Biochem},
	Pages = {67-76},
	Title = {Calibration and validation of the soil organic matter dynamics of the Daisy model with data from the Askov long-term experiments},
	Volume = {35},
	Year = {2003}}

@article{Broo01,
	Author = {Brookes, P.C.},
	Date-Added = {2013-03-10 12:44:18 -0430},
	Date-Modified = {2013-03-10 12:45:05 -0430},
	Journal = {Microb Environ.},
	Pages = {131-140},
	Title = {The soil microbial biomass :concept, measurement and applications in soil ecosystem research.},
	Volume = {16},
	Year = {2001}}

@article{Braa07,
	Author = {Braakhekke, W.G. and de Bruijn, A.M.G.},
	Date-Added = {2013-03-10 12:43:18 -0430},
	Date-Modified = {2013-03-10 12:44:09 -0430},
	Journal = {Soil Biol Biochem},
	Pages = {99-105},
	Title = {Modelling decomposition of standard plant material along an altitudinal gradient: A re-analysis of data of Couteaux et al. 2002.},
	Volume = {39},
	Year = {2007}}

@article{Boli07,
	Author = {Bolinder, M.A. and Andren, O. and K{\"a}tterer, T. and de Jong, R. and Vanden Bygaart, A.J. and Angers, D.A. and Parent, L.-E. and Gregorich, E.G.},
	Date-Added = {2013-03-10 12:40:46 -0430},
	Date-Modified = {2013-03-10 12:42:47 -0430},
	Journal = {Agri. Ecosyst. Environm.},
	Pages = {461-470},
	Title = {Soil carbon dynamics in Canadian Agricultural Ecoregions: quantifyingclimatic influence on soil biological activity},
	Volume = {122},
	Year = {2007}}

@article{Blag07,
	Author = {Blagodatskaya, E. V. and Blagodatsky, S. A. and Anderson, T. H. and Kuzyakov, Y.},
	Date-Added = {2013-03-10 12:31:54 -0430},
	Date-Modified = {2013-03-10 12:35:04 -0430},
	Journal = {Appl. Soil Ecol.},
	Pages = {95-105},
	Title = {Priming effects in chernozem induced by glucose and N are in relation related to microbial life strategies.},
	Volume = {37},
	Year = {2007}}

@article{Blag10,
	Author = {Blagodatsky, S. and Blagodatskaya, E. and Yuyukina, T. and Kuzyakov, Y.},
	Date-Added = {2013-03-10 12:30:24 -0430},
	Date-Modified = {2013-03-10 12:34:49 -0430},
	Journal = {Soil Biol Biochem},
	Pages = {1275-1283},
	Title = {Model of apparent and real priming effects: linking microbial activity with soil organic matter decomposition.},
	Volume = {42},
	Year = {2010}}

@article{Blag00,
	Author = {Blagodatsky, S. A. and Heinemeyer, O. and Richter, J.},
	Date-Added = {2013-03-10 12:28:54 -0430},
	Date-Modified = {2013-03-10 12:34:31 -0430},
	Journal = {Biol. Fertil. Soils.},
	Pages = {73-81},
	Title = {Estimating the active and total soil microbial biomass by kinetic respiration analysis},
	Volume = {32},
	Year = {2000}}

@article{Blag98,
	Author = {Blagodatsky, S. A. and Richter, O.},
	Date-Added = {2013-03-10 12:27:29 -0430},
	Date-Modified = {2013-03-10 12:28:44 -0430},
	Journal = {Soil Biol Biochem},
	Pages = {1743-1755},
	Title = {Microbial growth in soil and nitrogen turnover: a theoretical model considering the activity state of microorganisms},
	Volume = {30},
	Year = {1998}}

@article{Alli10,
	Author = {Allison, S. D. and Wallenstein, M. D. and Bradford, M. A.},
	Date-Added = {2013-03-10 12:26:07 -0430},
	Date-Modified = {2013-03-10 12:35:16 -0430},
	Journal = {Natura Geoscience},
	Pages = {336-340},
	Title = {Soil-carbon response to warming dependen ton microbial physiology},
	Volume = {3},
	Year = {2010}}

@article{Agre07,
	Author = {{\AA}gren, G. I. and Wetterstedt, J. A. M.},
	Date-Added = {2013-03-10 12:17:38 -0430},
	Date-Modified = {2015-08-04 21:00:29 -0430},
	Journal = {Soil Biol Biochem},
	Pages = {1794-1798},
	Title = {What determines the temperatura response of soil organic matter decomposition},
	Volume = {39},
	Year = {2007}}
